<?xml version="1.0" encoding="UTF-8"?><collection xmlns="http://www.loc.gov/MARC21/slim"><record><leader>00551nam--2200193-i-4500</leader><controlfield tag="001">000030198</controlfield><controlfield tag="002">20161230</controlfield><controlfield tag="005">20161230201038</controlfield><controlfield tag="008">060222s1000------------r-----000-0-eng-d</controlfield><datafield ind1=" " ind2=" " tag="040"><subfield code="a">IFIN-HH</subfield></datafield><datafield ind1=" " ind2=" " tag="080"><subfield code="a">52(061.3)</subfield></datafield><datafield ind1="1" ind2=" " tag="100"><subfield code="a">Spiegel, E.A</subfield></datafield><datafield ind1="1" ind2="0" tag="245"><subfield code="a">Lecture notes in physics. vol. 71: problems of stellar onvection</subfield><subfield code="c">E.a. spiegel, j.p. zahn (eds.)</subfield></datafield><datafield ind1=" " ind2=" " tag="260"><subfield code="a">Berlin</subfield><subfield code="b">Springer-verlag</subfield><subfield code="c">1977</subfield></datafield><datafield ind1=" " ind2=" " tag="300"><subfield code="a">VII+363P</subfield></datafield><datafield ind1=" " ind2=" " tag="490"><subfield code="a">Lecture Notes In Physics, 71</subfield></datafield><datafield ind1="1" ind2=" " tag="700"><subfield code="a">Zahn, J.P</subfield><subfield code="e">Ed</subfield></datafield><datafield ind1=" " ind2=" " tag="852"><subfield code="a">33191</subfield><subfield code="c">53</subfield></datafield><datafield ind1=" " ind2=" " tag="CAT"><subfield code="a">Sys</subfield><subfield code="c">20150303</subfield><subfield code="h">124554</subfield></datafield></record></collection>